%%% Insert this bibliography items in bibtex format.
%@article{MCEliece,
%    title={A Public-Key Cryptosystem Based on Algebraic Coding Theory},
%    volume={44},
%    journal={JPL DSN Progress Report},
%    author={Mceliece, R.},
%    year={1978},
%    pages={123â€“125}
%}