@article{j.mceliece1978,
    title = {A {{Public-Key Cryptosystem Based}} on {{Algebraic Coding Theory}}},
    author = {J. Mceliece, R},
    year = {1978},
    month = jul,
    journal = {JPL DSN Progress Report},
    volume = {44},
    pages = {123--125},
    file = {/Users/surehand/OneDrive - Faculty of Computational Mathematics and Cybernetics MSU/Библиотека/J. Mceliece - 1978 - A Public-Key Cryptosystem Based on Algebraic Coding Theory.pdf}
}